@incollection{smyth2005limma,
  title={Limma: linear models for microarray data},
  author={Smyth, Gordon K},
  booktitle={Bioinformatics and Computational Biology Solutions using R and Bioconductor},
  pages={397--420},
  year={2005},
  publisher={Springer}
}

@article{wang2009rna,
  title={{RNA}-Seq: a revolutionary tool for transcriptomics},
  author={Wang, Zhong and Gerstein, Mark and Snyder, Michael},
  journal={Nature Reviews Genetics},
  volume={10},
  number={1},
  pages={57--63},
  year={2009},
  publisher={Nature Publishing Group}
}


@article{deseq2014,
  title={Moderated estimation of fold change and dispersion for {RNA}-seq data with {DES}eq2},
  author={Love, Michael I and Huber, Wolfgang and Anders, Simon},
  journal={Genome biology},
  volume={15},
  number={12},
  pages={550},
  year={2014},
  publisher={BioMed Central}
}

%TDP
@article{sethuraman,
  title={A constructive definition of {D}irichlet priors},
  author={Sethuraman, Jayaram},
  journal={Statistica Sinica},
  pages={639--650},
  year={1994},
  publisher={JSTOR}
}

@article{ferguson,
  title={A {B}ayesian analysis of some nonparametric problems},
  author={Ferguson, Thomas S},
  journal={The Annals of Statistics},
  pages={209--230},
  year={1973},
  publisher={JSTOR}
}

@article{ishwaran2000,
  title={Markov chain {M}onte {C}arlo in approximate {D}irichlet and beta two-parameter process hierarchical models},
  author={Ishwaran, Hemant and Zarepour, Mahmoud},
  journal={Biometrika},
  volume={87},
  number={2},
  pages={371--390},
  year={2000},
  publisher={Oxford University Press}
}

@article{ishwaran2002sum,
  title={Exact and approximate sum representations for the {D}irichlet process},
  author={Ishwaran, Hemant and Zarepour, Mahmoud},
  journal={Canadian Journal of Statistics},
  volume={30},
  number={2},
  pages={269--283},
  year={2002},
  publisher={Wiley Online Library}
}

@article{ishwaran2001,
  title={Gibbs sampling methods for stick-breaking priors},
  author={Ishwaran, Hemant and James, Lancelot F},
  journal={Journal of the American Statistical Association},
  volume={96},
  number={453},
  pages={161--173},
  year={2001},
  publisher={Taylor \& Francis}
}


@article{papas,
  title={Retrospective {M}arkov chain {M}onte {C}arlo methods for {D}irichlet process hierarchical models},
  author={Papaspiliopoulos, Omiros and Roberts, Gareth O},
  journal={Biometrika},
  volume={95},
  number={1},
  pages={169--186},
  year={2008},
  publisher={Oxford University Press}
}

@article{escobar1994,
  title={Estimating normal means with a {D}irichlet process prior},
  author={Escobar, Michael D},
  journal={Journal of the American Statistical Association},
  volume={89},
  number={425},
  pages={268--277},
  year={1994},
  publisher={Taylor \& Francis}
}

@article{neal2000,
  title={Markov chain sampling methods for {D}irichlet process mixture models},
  author={Neal, Radford M},
  journal={Journal of computational and graphical statistics},
  volume={9},
  number={2},
  pages={249--265},
  year={2000},
  publisher={Taylor \& Francis Group}
}

%Software
@article{edger2010,
  title={edgeR: a {B}ioconductor package for differential expression analysis of digital gene expression data},
  author={Robinson, Mark D and McCarthy, Davis J and Smyth, Gordon K},
  journal={Bioinformatics},
  volume={26},
  number={1},
  pages={139--140},
  year={2010},
  publisher={Oxford University Press}
}


@article{landau,
  title={A fully {B}ayesian strategy for high-dimensional hierarchical modeling using massively parallel computing},
  author={Landau, Will and Niemi, Jarad},
  journal={arXiv preprint arXiv:1606.06659},
  year={2016}
}

@article{suchard,
  title={Understanding {GPU} programming for statistical computation: {S}tudies in massively parallel massive mixtures},
  author={Suchard, Marc A and Wang, Quanli and Chan, Cliburn and Frelinger, Jacob and Cron, Andrew and West, Mike},
  journal={Journal of computational and graphical statistics},
  volume={19},
  number={2},
  pages={419--438},
  year={2010},
  publisher={Taylor \& Francis}
}


%MISC
@book{gelman-book,
  title={Bayesian data analysis},
  author={Gelman, Andrew and Carlin, John B and Stern, Hal S and Dunson, David B and Vehtari, Aki and Rubin, Donald B},
  volume={2},
  year={2014},
  publisher={CRC press Boca Raton, FL}
}


@article{tanner,
  title={The calculation of posterior distributions by data augmentation},
  author={Tanner, Martin A and Wong, Wing Hung},
  journal={Journal of the American statistical Association},
  volume={82},
  number={398},
  pages={528--540},
  year={1987},
  publisher={Taylor \& Francis Group}
}

@article{simplegamma,
  title={A simple method for generating gamma variables},
  author={Marsaglia, George and Tsang, Wai Wan},
  journal={ACM Transactions on Mathematical Software (TOMS)},
  volume={26},
  number={3},
  pages={363--372},
  year={2000},
  publisher={ACM}
}

@article{blelloch1990,
  title={Prefix sums and their applications},
  author={Blelloch, Guy E},
  year={1990}
}

@article{thrust,
  title={Thrust: A productivity-oriented library for CUDA},
  author={Bell, Nathan and Hoberock, Jared},
  journal={GPU computing gems Jade edition},
  volume={2},
  pages={359--371},
  year={2011},
  publisher={Morgan Kaufmann, San Francisco, CA}
}

@misc{curand,
  title={{CURAND} library},
  author={Nvidia, CUDA},
  year={2010},
  publisher={NVIDIA Corporation, August}
}

@article{cublas,
  title={Cublas library},
  author={Nvidia, CUDA},
  journal={NVIDIA Corporation, Santa Clara, California},
  volume={15},
  number={27},
  pages={31},
  year={2008}
}


%RNA
@book{datta2014,
  title={Statistical {A}nalysis of {N}ext {G}eneration {S}equencing {D}ata},
  author={Datta, Somnath and Nettleton, Dan},
  year={2014},
  publisher={Springer}
}

@article{paschold,
  title={Complementation contributes to transcriptome complexity in maize ({Z}ea mays L.) hybrids relative to their inbred parents},
  author={Paschold, Anja and Jia, Yi and Marcon, Caroline and Lund, Steve and Larson, Nick B and Yeh, Cheng-Ting and Ossowski, Stephan and Lanz, Christa and Nettleton, Dan and Schnable, Patrick S and others},
  journal={Genome Research},
  volume={22},
  number={12},
  pages={2445--2454},
  year={2012},
  publisher={Cold Spring Harbor Lab}
}

@article{robinson2010,
  title={A scaling normalization method for differential expression analysis of {RNA}-seq data},
  author={Robinson, Mark D and Oshlack, Alicia},
  journal={Genome Biology},
  volume={11},
  number={3},
  pages={R25},
  year={2010},
  publisher={BioMed Central}
}

@article{voom,
  title={Voom: precision weights unlock linear model analysis tools for {RNA}-seq read counts},
  author={Law, Charity W and Chen, Yunshun and Shi, Wei and Smyth, Gordon K},
  journal={Genome biology},
  volume={15},
  number={2},
  pages={R29},
  year={2014},
  publisher={BioMed Central}
}

@article{oshlack2010rna,
  title={From {RNA}-seq reads to differential expression results},
  author={Oshlack, Alicia and Robinson, Mark D and Young, Matthew D},
  journal={Genome biology},
  volume={11},
  number={12},
  pages={220},
  year={2010},
  publisher={BioMed Central}
}

@article{liu,
  title={A semi-parametric {B}ayesian approach for differential expression Analysis of {RNA}-seq Data},
  author={Liu, Fangfang and Wang, Chong and Liu, Peng},
  journal={Journal of agricultural, biological, and environmental statistics},
  volume={20},
  number={4},
  pages={555--576},
  year={2015},
  publisher={Springer}
}

@article{lithio,
  title={Hierarchical modeling and differential expression analysis for RNA-seq experiments with inbred and hybrid genotypes},
  author={Lithio, Andrew and Nettleton, Dan},
  journal={Journal of agricultural, biological, and environmental statistics},
  volume={20},
  number={4},
  pages={598--613},
  year={2015},
  publisher={Springer}
}


@book{walker2010bayesian,
  title={Bayesian nonparametric methods: motivation and ideas},
  author={Walker, Stephen G},
  year={2010},
  publisher={Cambridge: Cambridge University Press}
}

@article{antoniak,
  title={Mixtures of {D}irichlet processes with applications to {B}ayesian nonparametric problems},
  author={Antoniak, Charles E},
  journal={The annals of statistics},
  pages={1152--1174},
  year={1974},
  publisher={JSTOR}
}

@article{mccarthy,
author = {McCarthy, Davis J. and Chen, Yunshun and Smyth, Gordon K.},
title = {Differential expression analysis of multifactor {RNA}-Seq experiments with respect to biological variation},
journal = {Nucleic Acids Research},
volume = {40},
number = {10},
pages = {4288-4297},
year = {2012},
doi = {10.1093/nar/gks042},
URL = { + http://dx.doi.org/10.1093/nar/gks042},
eprint = {/oup/backfile/content_public/journal/nar/40/10/10.1093_nar_gks042/2/gks042.pdf}
}

@article{niemi,
  title={Empirical {B}ayes analysis of {RNA}-seq data for detection of gene expression heterosis},
  author={Niemi, Jarad and Mittman, Eric and Landau, Will and Nettleton, Dan},
  journal={Journal of agricultural, biological, and environmental statistics},
  volume={20},
  number={4},
  pages={614--628},
  year={2015},
  publisher={Springer}
}

@phdthesis{landau2016high,
  title={High-dimensional hierarchical models and massively parallel computing},
  author={Landau, William Michael},
  year={2016},
  school={Iowa State University}
}

@article{treat,
  title={Testing significance relative to a fold-change threshold is a {TREAT}},
  author={McCarthy, Davis J and Smyth, Gordon K},
  journal={Bioinformatics},
  volume={25},
  number={6},
  pages={765--771},
  year={2009},
  publisher={Oxford University Press}
}
